@BOOK{Trees2002,
author = "Van Trees, H.L.",
title = "Optimum Array Processing",
address = "New York",
publisher = "Wiley-Interscience",
year = 2002,
numpages = 1434
}

@BOOK{Kiong2014,
author = {Kiong, T.S. and Salem, S.B. and Paw, J.K.S. and Sankar, K.P. and Darzi, S.},
title = "Minimum variance distortionless response beamformer with enhanced nulling level control via dynamic mutated artificial immune system",
publisher = "The Scientific World Journal",
year = 2014,
numpages = 9
}


@BOOK{Capon69,
author = "Capon, J.",
title = "High-resolution frequency-wavenumber spectrum analysis",
publisher = "Proc. IEEE",
year = 1969,
volume = 57,
pages = "1408--1418",
}

@BOOK{Brown62,
author = {Brown, R.G. and Nilsson, J.W.},
title = "Introduction to Linear Systems Analisys",
address = "New York",
publisher = "Wiley",
year = 1962
}

@BOOK{Levin64,
author = "Levin, M.J.",
title = "Maximum-likelihood array processing",
address = "Lexigton, Massachusetts",
publisher = "Technical Report DDC 455743, M.I.T. Lincoln Laboratory",
year = 1964,
}

@BOOK{VV88,
author = {Van Veen, B.D. and K. M. Buckley},
title = "Beamforming: A versatile approach to spatial filtering",
publisher = "IEEE ASSP Magazine",
year = 1988,
volume = "5 â„–2",
pages = "4--24",
}
